%YAML 1.1
%TAG !u! tag:unity3d.com,2011:
--- !u!1001 &100100000
Prefab:
  m_ObjectHideFlags: 1
  serializedVersion: 2
  m_Modification:
    m_TransformParent: {fileID: 0}
    m_Modifications: []
    m_RemovedComponents: []
  m_ParentPrefab: {fileID: 0}
  m_RootGameObject: {fileID: 1000011670301264}
  m_IsPrefabParent: 1
--- !u!1 &1000011670301264
GameObject:
  m_ObjectHideFlags: 0
  m_PrefabParentObject: {fileID: 0}
  m_PrefabInternal: {fileID: 100100000}
  serializedVersion: 4
  m_Component:
  - 4: {fileID: 4000010657206776}
  - 33: {fileID: 33000011755251342}
  - 136: {fileID: 136000014206976330}
  - 23: {fileID: 23000010728110540}
  m_Layer: 0
  m_Name: Soldier
  m_TagString: Untagged
  m_Icon: {fileID: 0}
  m_NavMeshLayer: 0
  m_StaticEditorFlags: 0
  m_IsActive: 1
--- !u!1 &1000012147230542
GameObject:
  m_ObjectHideFlags: 0
  m_PrefabParentObject: {fileID: 0}
  m_PrefabInternal: {fileID: 100100000}
  serializedVersion: 4
  m_Component:
  - 4: {fileID: 4000013791039912}
  - 114: {fileID: 114000013621080644}
  m_Layer: 0
  m_Name: AI
  m_TagString: Untagged
  m_Icon: {fileID: 0}
  m_NavMeshLayer: 0
  m_StaticEditorFlags: 0
  m_IsActive: 1
--- !u!4 &4000010657206776
Transform:
  m_ObjectHideFlags: 1
  m_PrefabParentObject: {fileID: 0}
  m_PrefabInternal: {fileID: 100100000}
  m_GameObject: {fileID: 1000011670301264}
  m_LocalRotation: {x: 0, y: 0, z: 0, w: 1}
  m_LocalPosition: {x: 5.967322, y: 13.895974, z: -25.780207}
  m_LocalScale: {x: 1, y: 1, z: 1}
  m_LocalEulerAnglesHint: {x: 0, y: 0, z: 0}
  m_Children:
  - {fileID: 4000013791039912}
  m_Father: {fileID: 0}
  m_RootOrder: 0
--- !u!4 &4000013791039912
Transform:
  m_ObjectHideFlags: 1
  m_PrefabParentObject: {fileID: 0}
  m_PrefabInternal: {fileID: 100100000}
  m_GameObject: {fileID: 1000012147230542}
  m_LocalRotation: {x: -0, y: -0, z: -0, w: 1}
  m_LocalPosition: {x: 0, y: 0, z: 0}
  m_LocalScale: {x: 1, y: 1, z: 1}
  m_LocalEulerAnglesHint: {x: 0, y: 0, z: 0}
  m_Children: []
  m_Father: {fileID: 4000010657206776}
  m_RootOrder: 0
--- !u!23 &23000010728110540
MeshRenderer:
  m_ObjectHideFlags: 1
  m_PrefabParentObject: {fileID: 0}
  m_PrefabInternal: {fileID: 100100000}
  m_GameObject: {fileID: 1000011670301264}
  m_Enabled: 1
  m_CastShadows: 1
  m_ReceiveShadows: 1
  m_MotionVectors: 1
  m_LightProbeUsage: 1
  m_ReflectionProbeUsage: 1
  m_Materials:
  - {fileID: 10303, guid: 0000000000000000f000000000000000, type: 0}
  m_SubsetIndices: 
  m_StaticBatchRoot: {fileID: 0}
  m_ProbeAnchor: {fileID: 0}
  m_LightProbeVolumeOverride: {fileID: 0}
  m_ScaleInLightmap: 1
  m_PreserveUVs: 1
  m_IgnoreNormalsForChartDetection: 0
  m_ImportantGI: 0
  m_SelectedWireframeHidden: 0
  m_MinimumChartSize: 4
  m_AutoUVMaxDistance: 0.5
  m_AutoUVMaxAngle: 89
  m_LightmapParameters: {fileID: 0}
  m_SortingLayerID: 0
  m_SortingOrder: 0
--- !u!33 &33000011755251342
MeshFilter:
  m_ObjectHideFlags: 1
  m_PrefabParentObject: {fileID: 0}
  m_PrefabInternal: {fileID: 100100000}
  m_GameObject: {fileID: 1000011670301264}
  m_Mesh: {fileID: 10208, guid: 0000000000000000e000000000000000, type: 0}
--- !u!114 &114000013621080644
MonoBehaviour:
  m_ObjectHideFlags: 1
  m_PrefabParentObject: {fileID: 0}
  m_PrefabInternal: {fileID: 100100000}
  m_GameObject: {fileID: 1000012147230542}
  m_Enabled: 1
  m_EditorHideFlags: 0
  m_Script: {fileID: 157053555, guid: 9fa2ecd1ff2ad394281dd3bf72c5b76e, type: 3}
  m_Name: 
  m_EditorClassIdentifier: 
  _dataSerializer:
    _serializedData: <component version="1.3" type="RAIN.Core.AIRig"><fields><field
      value="OnWhenSelected" type="RAIN.Core.VisualModeEnum" id="_visualMode" /><field
      value="True" type="System.Boolean" id="_useUnityMessages" /><field value="False"
      type="System.Boolean" id="_useFixedUpdate" /><field type="RAIN.Core.AI" reference="0"
      id="_ai" /></fields><references><reference type="RAIN.Core.AI" refcount="1"
      id="0"><field value="True" type="System.Boolean" id="_isActive" /><field type="UnityEngine.GameObject"
      id="_body" gameobject="0" /><field type="RAIN.Memory.BasicMemory" reference="1"
      id="_workingMemory" /><field type="RAIN.Minds.BasicMind" reference="9" id="_mind"
      childrenvisible="True" /><field type="RAIN.Motion.BasicMotor" reference="10"
      id="_motor" /><field type="RAIN.Animation.BasicAnimator" reference="11" id="_animator"
      /><field type="RAIN.Navigation.BasicNavigator" reference="12" id="_navigator"
      /><field type="RAIN.Perception.BasicSenses" reference="13" id="_senses" /><field
      type="System.Collections.Generic.List" id="_customElements" elementtype="RAIN.Core.CustomAIElement"
      /></reference><reference type="RAIN.Memory.BasicMemory" refcount="1" id="1"><field
      type="System.Collections.Generic.List" id="_memoryItems" elementtype="RAIN.Memory.BasicMemory+MemoryItem"><field
      type="RAIN.Memory.BasicMemory+MemoryItem" reference="2" id="element0" /><field
      type="RAIN.Memory.BasicMemory+MemoryItem" reference="3" id="element1" /><field
      type="RAIN.Memory.BasicMemory+MemoryItem" reference="4" id="element2" /><field
      type="RAIN.Memory.BasicMemory+MemoryItem" reference="5" id="element3" /><field
      type="RAIN.Memory.BasicMemory+MemoryItem" reference="6" id="element4" /><field
      type="RAIN.Memory.BasicMemory+MemoryItem" reference="7" id="element5" /><field
      type="RAIN.Memory.BasicMemory+MemoryItem" reference="8" id="element6" /></field></reference><reference
      type="RAIN.Memory.BasicMemory+MemoryItem" refcount="1" id="2"><field value="detectHeroes"
      type="System.String" id="Key" /><field value="System.Boolean" type="System.Type"
      id="ValueType" /><field value="False" type="System.Boolean" id="Value" /></reference><reference
      type="RAIN.Memory.BasicMemory+MemoryItem" refcount="1" id="3"><field value="runningSpeed"
      type="System.String" id="Key" /><field value="System.Single" type="System.Type"
      id="ValueType" /><field value="6" type="System.Single" id="Value" /></reference><reference
      type="RAIN.Memory.BasicMemory+MemoryItem" refcount="1" id="4"><field value="target"
      type="System.String" id="Key" /><field value="UnityEngine.GameObject" type="System.Type"
      id="ValueType" /><field value="" type="System.Object" id="Value" /></reference><reference
      type="RAIN.Memory.BasicMemory+MemoryItem" refcount="1" id="5"><field value="heroesInView"
      type="System.String" id="Key" /><field value="UnityEngine.GameObject" type="System.Type"
      id="ValueType" /><field value="" type="System.Object" id="Value" /></reference><reference
      type="RAIN.Memory.BasicMemory+MemoryItem" refcount="1" id="6"><field value="tempInView"
      type="System.String" id="Key" /><field value="UnityEngine.GameObject" type="System.Type"
      id="ValueType" /><field value="" type="System.Object" id="Value" /></reference><reference
      type="RAIN.Memory.BasicMemory+MemoryItem" refcount="1" id="7"><field value="network"
      type="System.String" id="Key" /><field value="UnityEngine.GameObject" type="System.Type"
      id="ValueType" /><field value="" type="System.Object" id="Value" /></reference><reference
      type="RAIN.Memory.BasicMemory+MemoryItem" refcount="1" id="8"><field value="lastNetwork"
      type="System.String" id="Key" /><field value="UnityEngine.GameObject" type="System.Type"
      id="ValueType" /><field value="" type="System.Object" id="Value" /></reference><reference
      type="RAIN.Minds.BasicMind" refcount="1" id="9"><field type="RAIN.BehaviorTrees.BTAsset"
      id="_behaviorTreeAsset" gameobject="-1" /><field type="System.Collections.Generic.List"
      id="_behaviorTreeBindings" elementtype="RAIN.BehaviorTrees.BTAssetBinding" /></reference><reference
      type="RAIN.Motion.BasicMotor" refcount="1" id="10"><field value="5" type="System.Single"
      id="_speed" /><field value="360" type="System.Single" id="_rotationSpeed" /><field
      value="0.1" type="System.Single" id="_closeEnoughDistance" /><field value="0.1"
      type="System.Single" id="_closeEnoughAngle" /><field value="360" type="System.Single"
      id="_faceBeforeMoveAngle" /><field value="1" type="System.Single" id="_maxHeightOffset"
      /><field value="False" type="System.Boolean" id="_allow3DMovement" /><field
      value="False" type="System.Boolean" id="_allow3DRotation" /><field value="True"
      type="System.Boolean" id="_allowOffGraphMovement" /></reference><reference type="RAIN.Animation.BasicAnimator"
      refcount="1" id="11"><field type="System.Collections.Generic.List" id="_animationStates"
      elementtype="RAIN.Animation.BasicAnimator+BasicAnimatorState" /></reference><reference
      type="RAIN.Navigation.BasicNavigator" refcount="1" id="12"><field value="False"
      type="System.Boolean" id="_drawPaths" /><field value="0,1,0,1" type="UnityEngine.Color"
      id="_pathColor" /><field value="-0.5" type="System.Single" id="_outlineColorOffset"
      /><field value="100" type="System.Int32" id="_maxPathfindingSteps" /><field
      value="0" type="System.Single" id="_maxPathLength" /><field type="System.Collections.Generic.List"
      id="_graphTags" elementtype="System.String" /></reference><reference type="RAIN.Perception.BasicSenses"
      refcount="1" id="13"><field type="System.Collections.Generic.List" id="_sensors"
      elementtype="RAIN.Perception.Sensors.RAINSensor"><field type="RAIN.Perception.Sensors.VisualSensor"
      reference="14" id="element0" /><field type="RAIN.Perception.Sensors.VisualSensor"
      reference="15" id="element1" /></field></reference><reference type="RAIN.Perception.Sensors.VisualSensor"
      refcount="1" id="14"><field value="True" type="System.Boolean" id="_showVisual"
      /><field value="HeroesDetector" type="System.String" id="_sensorName" /><field
      value="True" type="System.Boolean" id="_isActive" /><field value="0.6,0.5529412,0.009411765,1"
      type="UnityEngine.Color" id="_sensorColor" /><field type="UnityEngine.Transform"
      id="_mountPoint" gameobject="1" /><field value="0,0,0" type="UnityEngine.Vector3"
      id="_positionOffset" /><field value="0,0,0" type="UnityEngine.Vector3" id="_angleOffset"
      /><field type="System.Collections.Generic.List" id="_filters" elementtype="RAIN.Perception.Sensors.Filters.RAINSensorFilter"
      /><field value="10" type="System.Single" id="_range" /><field value="False"
      type="System.Boolean" id="_canDetectSelf" /><field value="100" type="System.Single"
      id="_horizontalAngle" /><field value="70" type="System.Single" id="_verticalAngle"
      /><field value="False" type="System.Boolean" id="_lineOfSight" /><field value="-5"
      type="UnityEngine.LayerMask" id="_lineOfSightMask" /></reference><reference
      type="RAIN.Perception.Sensors.VisualSensor" refcount="1" id="15"><field value="True"
      type="System.Boolean" id="_showVisual" /><field value="Pursuit" type="System.String"
      id="_sensorName" /><field value="True" type="System.Boolean" id="_isActive"
      /><field value="0.6,0.6,0.6,1" type="UnityEngine.Color" id="_sensorColor" /><field
      type="UnityEngine.Transform" id="_mountPoint" gameobject="2" /><field value="0,0,0"
      type="UnityEngine.Vector3" id="_positionOffset" /><field value="0,0,0" type="UnityEngine.Vector3"
      id="_angleOffset" /><field type="System.Collections.Generic.List" id="_filters"
      elementtype="RAIN.Perception.Sensors.Filters.RAINSensorFilter" /><field value="20"
      type="System.Single" id="_range" /><field value="False" type="System.Boolean"
      id="_canDetectSelf" /><field value="360" type="System.Single" id="_horizontalAngle"
      /><field value="77" type="System.Single" id="_verticalAngle" /><field value="False"
      type="System.Boolean" id="_lineOfSight" /><field value="-5" type="UnityEngine.LayerMask"
      id="_lineOfSightMask" /></reference></references></component>
    _serializedGameObjects:
    - {fileID: 1000011670301264}
    - {fileID: 4000010657206776}
    - {fileID: 4000010657206776}
    _serializedCustomData: []
--- !u!136 &136000014206976330
CapsuleCollider:
  m_ObjectHideFlags: 1
  m_PrefabParentObject: {fileID: 0}
  m_PrefabInternal: {fileID: 100100000}
  m_GameObject: {fileID: 1000011670301264}
  m_Material: {fileID: 0}
  m_IsTrigger: 0
  m_Enabled: 1
  m_Radius: 0.5
  m_Height: 2
  m_Direction: 1
  m_Center: {x: 0, y: 0, z: 0}
